@book {weibel,
    AUTHOR = {Weibel, Charles A.},
    TITLE = {An introduction to homological algebra},
    SERIES = {Cambridge Studies in Advanced Mathematics},
    VOLUME = {38},
    PUBLISHER = {Cambridge University Press, Cambridge},
    YEAR = {1994},
    PAGES = {xiv+450},
    ISBN = {0-521-43500-5; 0-521-55987-1},
    MRCLASS = {18-01 (16-01 17-01 20-01 55Uxx)},
    MRNUMBER = {1269324},
    MRREVIEWER = {Kenneth A. Brown},
    DOI = {10.1017/CBO9781139644136},
    URL = {https://doi.org/10.1017/CBO9781139644136},
},

@book {guichardet,
    AUTHOR = {Guichardet, A.},
    TITLE = {Cohomologie des groupes topologiques et des alg\`ebres de {L}ie},
    SERIES = {Textes Math\'{e}matiques [Mathematical Texts]},
    VOLUME = {2},
    PUBLISHER = {CEDIC, Paris},
    YEAR = {1980},
    PAGES = {xvi+394},
    ISBN = {2-7124-0715-6},
    MRCLASS = {22D99 (17B56 18G25 18G40 22E99 46M10 57T10)},
    MRNUMBER = {644979},
    MRREVIEWER = {Jonathan M. Rosenberg},
},


@book {knapp,
    AUTHOR = {Knapp, Anthony W.},
    TITLE = {Lie groups, {L}ie algebras, and cohomology},
    SERIES = {Mathematical Notes},
    VOLUME = {34},
    PUBLISHER = {Princeton University Press, Princeton, NJ},
    YEAR = {1988},
    PAGES = {xii+510},
    ISBN = {0-691-08498-X},
    MRCLASS = {22E46 (17B10 22E45 22E47)},
    MRNUMBER = {938524},
    MRREVIEWER = {Roger Zierau},
},

@article {coll,
    AUTHOR = {Coll, Jr., Vincent E. and Gerstenhaber, Murray},
    TITLE = {Cohomology of {L}ie semidirect products and poset algebras},
    JOURNAL = {J. Lie Theory},
    FJOURNAL = {Journal of Lie Theory},
    VOLUME = {26},
    YEAR = {2016},
    NUMBER = {1},
    PAGES = {79--95},
    ISSN = {0949-5932},
    MRCLASS = {17B56 (17B55)},
    MRNUMBER = {3384982},
    MRREVIEWER = {Elena Poletaeva},
},

@book {beltita,
    AUTHOR = {Belti\c{t}\u{a}, Daniel and \c{S}abac, Mihai},
    TITLE = {Lie algebras of bounded operators},
    SERIES = {Operator Theory: Advances and Applications},
    VOLUME = {120},
    PUBLISHER = {Birkh\"{a}user Verlag, Basel},
    YEAR = {2001},
    PAGES = {viii+219},
    ISBN = {3-7643-6404-1},
    MRCLASS = {47L10 (17B30 17B55 17B65 46H70 46M20 47A13)},
    MRNUMBER = {1825892},
    MRREVIEWER = {Alexander Isaakovich Shtern},
    DOI = {10.1007/978-3-0348-8332-0},
    URL = {https://doi.org/10.1007/978-3-0348-8332-0},
},

@book {bourbaki,
    AUTHOR = {Bourbaki, Nicolas},
    TITLE = {Lie groups and {L}ie algebras. {C}hapters 7--9},
    SERIES = {Elements of Mathematics (Berlin)},
    NOTE = {Translated from the 1975 and 1982 French originals by Andrew
            Pressley},
    PUBLISHER = {Springer-Verlag, Berlin},
    YEAR = {2005},
    PAGES = {xii+434},
    ISBN = {3-540-43405-4},
    MRCLASS = {17-01 (01A75 22-01)},
    MRNUMBER = {2109105},
},

@book {humphreys,
    AUTHOR = {Humphreys, James E.},
    TITLE = {Introduction to {L}ie algebras and representation theory},
    SERIES = {Graduate Texts in Mathematics},
    VOLUME = {9},
    NOTE = {Second printing, revised},
    PUBLISHER = {Springer-Verlag, New York-Berlin},
    YEAR = {1978},
    PAGES = {xii+171},
    ISBN = {0-387-90053-5},
    MRCLASS = {17Bxx},
    MRNUMBER = {499562},
    MRREVIEWER = {I. P. Shestakov},
},

@article{Taylor1970,
    doi = {10.1016/0022-1236(70)90055-8},
    url = {https://doi.org/10.1016/0022-1236(70)90055-8},
    year = {1970},
    publisher = {Elsevier {BV}},
    volume = {6},
    number = {2},
    pages = {172--191},
    author = {Joseph L Taylor},
    title = {A joint spectrum for several commuting operators},
    journal = {Journal of Functional Analysis}
},


@Article{Fainshtein,
    Author = {A. S. {Fainshtein}},
    Title = {{Taylor joint spectrum for families of operators generating nilpotent Lie algebras.}},
    FJournal = {{Journal of Operator Theory}},
    Journal = {{J. Oper. Theory}},
    ISSN = {0379-4024},
    Volume = {29},
    Number = {1},
    Pages = {3--27},
    Year = {1993},
    Publisher = {Theta Foundation, Bucharest},
    Language = {English},
    MSC2010 = {47A13 47A10},
    Zbl = {0859.47005}
},

    
@article {Taylor1970b,
    AUTHOR = {Taylor, Joseph L.},
    TITLE = {The analytic-functional calculus for several commuting
             operators},
    JOURNAL = {Acta Math.},
    FJOURNAL = {Acta Mathematica},
    VOLUME = {125},
    YEAR = {1970},
    PAGES = {1--38},
    ISSN = {0001-5962},
    MRCLASS = {46.55 (47.00)},
    MRNUMBER = {271741},
    MRREVIEWER = {Douglas N. Clark},
    DOI = {10.1007/BF02392329},
    URL = {https://doi.org/10.1007/BF02392329},
},



@article {Taylor1972,
    AUTHOR = {Taylor, Joseph L.},
    TITLE = {A general framework for a multi-operator functional calculus},
    JOURNAL = {Advances in Math.},
    FJOURNAL = {Advances in Mathematics},
    VOLUME = {9},
    YEAR = {1972},
    PAGES = {183--252},
    ISSN = {0001-8708},
    MRCLASS = {46M20},
    MRNUMBER = {328625},
    MRREVIEWER = {B. E. Johnson},
    DOI = {10.1016/0001-8708(72)90017-5},
    URL = {https://doi.org/10.1016/0001-8708(72)90017-5},
},

@article{boasso,
author = "Boasso, E. and Larotonda, A.",
fjournal = "Pacific Journal of Mathematics",
journal = "Pacific J. Math.",
number = "1",
pages = "15--22",
publisher = "Pacific Journal of Mathematics, A Non-profit Corporation",
title = "A spectral theory for solvable Lie algebras of operators.",
url = "https://projecteuclid.org:443/euclid.pjm/1102634607",
volume = "158",
year = "1993"
},

@Article{Dosi1,
 Author = {A. A. {Dosiev}},
 Title = {{Ultraspectra of a representation of a Banach Lie algebra.}},
 FJournal = {{Functional Analysis and its Applications}},
 Journal = {{Funct. Anal. Appl.}},
 ISSN = {0016-2663; 1573-8485/e},
 Volume = {35},
 Number = {3},
 Pages = {226--229},
 Year = {2001},
 Publisher = {Springer US, New York, NY},
 Language = {English},
 MSC2010 = {46H70 47A13},
 Zbl = {1028.46077}
},

@Article{Dosi2,
 Author = {A. {Dosiev}},
 Title = {{Algebras of power series of elements of a Lie algebra and the Slodkowski spectra.}},
 FJournal = {{Journal of Mathematical Sciences (New York)}},
 Journal = {{J. Math. Sci., New York}},
 ISSN = {1072-3374; 1573-8795/e},
 Volume = {124},
 Number = {2},
 Pages = {4886--4908},
 Year = {2002},
 Publisher = {Springer US, New York, NY},
 Language = {English},
 MSC2010 = {46H70 46L10 46H30},
 Zbl = {1084.46040}
},

@Article{Dosi3,
 Author = {Anar A. {Dosiev}},
 Title = {{Projection property of spectra for solvable Lie algebra representations.}},
 FJournal = {{Transactions of Academy of Sciences of Azerbaijan. Series of Physical-Technical and Mathematical Sciences}},
 Journal = {{Trans. Acad. Sci. Azerb., Ser. Phys.-Tech. Math. Sci.}},
 ISSN = {0002-3108},
 Volume = {23},
 Number = {1, Math. Mech.},
 Pages = {27--32},
 Year = {2003},
 Publisher = {''Elm'' Publishing House, Baku},
 Language = {English},
 MSC2010 = {47A13 17B30},
 Zbl = {1228.47007}
},


@article {Dosi4,
    AUTHOR = {Dosi, Anar},
    TITLE = {Taylor functional calculus for supernilpotent {L}ie algebra of
             operators},
    JOURNAL = {J. Operator Theory},
    FJOURNAL = {Journal of Operator Theory},
    VOLUME = {63},
    YEAR = {2010},
    NUMBER = {1},
    PAGES = {191--216},
    ISSN = {0379-4024},
    MRCLASS = {47A13 (17B30 18G25 46H30 47A60)},
    MRNUMBER = {2606890},
    MRREVIEWER = {Vladimir M\"{u}ller},
}
